@article{bouchard2015bouncy,
  title={{T}he {B}ouncy {P}article {S}ampler: a {N}on-{R}eversible {R}ejection-{F}ree {M}arkov {C}hain {M}onte {C}arlo {M}ethod},
  author={Bouchard-C{\^o}t{\'e}, Alexandre and Vollmer, Sebastian J and Doucet, Arnaud},
  journal={arXiv preprint arXiv:1510.02451},
  year={2015}
},

@article{peters2012rejection,
  title = {{R}ejection-{f}ree {M}onte {C}arlo {S}ampling for {G}eneral {P}otentials},
  author = {Peters, E. A. J. F. and de With, G.},
  journal = {Phys. Rev. E},
  volume = {85},
  issue = {2},
  pages = {026703},
  numpages = {5},
  year = {2012},
  month = {Feb},
  publisher = {American Physical Society},
  doi = {10.1103/PhysRevE.85.026703},
  url = {http://link.aps.org/doi/10.1103/PhysRevE.85.026703}
},

@article{bierkens2016zig,
  title={{T}he {Z}ig-{Z}ag {P}rocess and {S}uper-{E}fficient {S}ampling for {B}ayesian {A}nalysis of {B}ig {D}ata},
  author={Bierkens, Joris and Fearnhead, Paul and Roberts, Gareth},
  journal={arXiv preprint arXiv:1607.03188},
  year={2016}
},

@article{eckhardt1987stan,
  title={{S}tan {U}lam, {J}ohn von {N}eumann, and the {M}onte {C}arlo method},
  author={Eckhardt, Roger},
  journal={Los Alamos Science},
  volume={15},
  number={131-136},
  pages={30},
  year={1987}
},

@manual{stanReferenceManual,
  title={{Stan Modeling Language Users Guide and Reference Manual}},
  author={Stan Development Team},
  url={http://mc-stan.org},
  year={2016}
},

@article{metropolis1987beginning,
  title={{The Beginning of the Monte Carlo Method. Special Issue 15}},
  author={Metropolis, N},
  journal={Los Alamos Science},
  year={1987}
},

@article{metropolis1949monte,
  title={{The Monte Carlo method}},
  author={Metropolis, Nicholas and Ulam, Stanislaw},
  journal={Journal of the American statistical association},
  volume={44},
  number={247},
  pages={335--341},
  year={1949},
  publisher={Taylor \& Francis Group}
},


@article{metropolis1953equation,
  title={{Equation of State Calculations by Fast Computing Machines}},
  author={Metropolis, Nicholas and Rosenbluth, Arianna W and Rosenbluth, Marshall N and Teller, Augusta H and Teller, Edward},
  journal={The journal of chemical physics},
  volume={21},
  number={6},
  pages={1087--1092},
  year={1953},
  publisher={AIP}
},

@article{hastings1970monte,
  title={{Monte Carlo Sampling Methods Using Markov Chains and their Applications}},
  author={Hastings, W Keith},
  journal={Biometrika},
  volume={57},
  number={1},
  pages={97--109},
  year={1970},
  publisher={Biometrika Trust}
},

@article{gelfand1990sampling,
  title={{Sampling-based Approaches to Calculating Marginal Densities}},
  author={Gelfand, Alan E and Smith, Adrian FM},
  journal={Journal of the American statistical association},
  volume={85},
  number={410},
  pages={398--409},
  year={1990},
  publisher={Taylor \& Francis Group}
},

@article{robert2005monte,
  title={{Monte Carlo Statistical Methods (Springer Texts in Statistics)}},
  author={Robert, Christian P and Casella, George},
  year={2005},
  publisher={Springer-Verlag New York, Inc.}
},

@book{norris1998markov,
  title={{Markov Chains}},
  author={Norris, James R},
  number={2},
  year={1998},
  publisher={Cambridge university press}
},

@book{feller1968introduction,
  title={{An Introduction to Probability Theory and its Applications: Volume I}},
  author={Feller, William},
  volume={3},
  year={1968},
  publisher={John Wiley \& Sons New York}
},

@book{devroye2013non,
  title={{Non-Uniform Random Variate Generation}},
  author={Devroye, Luc},
  year={2013},
  publisher={Springer Science \& Business Media}
},

@book{ross1996stochastic,
  title={{Stochastic Processes}},
  author={Ross, Sheldon M},
  year={1996}
},

@book{liu2008monte,
  title={{Monte Carlo Strategies in Scientific Computing}},
  author={Liu, Jun S},
  year={2008},
  publisher={Springer Science \& Business Media}
},

@book{gelman2014bayesian,
  title={{Bayesian Data Analysis}},
  author={Gelman, Andrew and Carlin, John B and Stern, Hal S and Rubin, Donald B},
  volume={2},
  year={2014},
  publisher={Chapman \& Hall/CRC Boca Raton, FL, USA}
},

@article{davis1984piecewise,
  title={{Piecewise-deterministic Markov Processes: A General Class of Non-diffusion Stochastic Models}},
  author={Davis, Mark HA},
  journal={Journal of the Royal Statistical Society. Series B (Methodological)},
  pages={353--388},
  year={1984},
  publisher={JSTOR}
},

@book{davis1993markov,
  title={{Markov Models \& Optimization}},
  author={Davis, Mark HA},
  volume={49},
  year={1993},
  publisher={CRC Press}
},

@incollection{dynkin1965markov,
  title={{Markov Processes}},
  author={Dynkin, Evgeni{\u\i}} Borisovich},
  booktitle={Markov Processes},
  pages={77--104},
  year={1965},
  publisher={Springer}
},

@book{gamma1994design,
  title={{Design Patterns: Elements of Reusable Object-Oriented Software}},
  author={Gamma, Erich and Helm, Richard and Johnson, Ralph and Vlissides, John},
  journal={1994},
  year={1994},
  publisher={Addison-Wesley}
},

@article{sutter2005free,
  title={{The Free Lunch is Over: A Fundamental Turn Toward Concurrency in Software}},
  author={Sutter, Herb},
  journal={Dr. Dobbâ€™s journal},
  volume={30},
  number={3},
  pages={202--210},
  year={2005}
},

@book{alexandrescu2001modern,
  title={{Modern C++ Design: Generic Programming and Design Patterns Applied}},
  author={Alexandrescu, Andrei},
  year={2001},
  publisher={Addison-Wesley}
},

@misc{eigenweb,
 author = {Ga\"{e}l Guennebaud and Beno\^{i}t Jacob and others},
 title = {Eigen v3},
 howpublished = {http://eigen.tuxfamily.org},
 year = {2010}
},

@misc{boost-library,
    author = "Boost",
    year   = 2017,
    title  = "{Boost C++ Libraries}",
    howpublished = "\url{http://www.boost.org/}",
},

@misc{googletest-library,
    author = "Google",
    year   = 2017,
    title  = "{Google's googletest C++ {T}esting {F}ramework.}",
    howpublished = "\url{https://github.com/google/googletest/}",
},




